@article{bootloader-reset-root,
title = {Linux Reset Root Password},
journal = {Ubuntu help, "\url{https://help.ubuntu.com/community/LostPassword}",},
}

